@article{tcp_udp_comparison,
    author = {Al-Dhief, Fahad and Sabri, Naseer and Abdul Latiff, Nurul Muazzah and Nik Abd Malik, Nik Noordini and Abd Ghani, Mohd Khanapi and Mohammed, Mazin and Al-Haddad, R.N. and Dawood, Yasir and Ghani, Mohd and Ibrahim Obaid, Omar},
    year = {2018},
    month = {01},
    pages = {172-176},
    title = {Performance comparison between TCP and udp protocols in different simulation scenarios},
    volume = {7},
    journal = {International Journal of Engineering & Technology}
}

@inproceedings{auto_verification_tls_handshake,
    author = {Díaz, Gregorio and Cuartero, Fernando and Valero, Valentín and Pelayo, Fernando},
    year = {2004},
    month = {01},
    pages = {789-794},
    title = {Automatic verification of the TLS handshake protocol},
    doi = {10.1145/967900.968063}
}

@book{data_networks_ip,
    author = {Clark, Martin P.},
    title = {Data Networks, IP and the Internet: Networks, Protocols, Design and Operation},
    year = {2003},
    isbn = {0470848561},
    publisher = {John Wiley \& Sons, Inc.},
    address = {USA},
}

@incollection{telecom_network_security,
    title = {Chapter 3 - Domain 2: Telecommunications and Network Security},
    editor = {Eric Conrad and Seth Misenar and Joshua Feldman},
    booktitle = {CISSP Study Guide (Second Edition)},
    publisher = {Syngress},
    edition = {Second Edition},
    address = {Boston},
    pages = {63-141},
    year = {2012},
    isbn = {978-1-59749-961-3},
    doi = {https://doi.org/10.1016/B978-1-59749-961-3.00003-0},
    url = {https://www.sciencedirect.com/science/article/pii/B9781597499613000030},
    author = {Eric Conrad and Seth Misenar and Joshua Feldman}
}

@misc{are_containers_replacing_virtual_machines,
    author = {{Docker}},
    title  = {"{Are Containers Replacing Virtual Machines?}"},
    note   = {\url{https://peering.google.com/#/learn-more/quic}},
}

@misc{google_edge_network,
    author = {{Google}},
    title  = {"{Google Edge Network}"},
    note   = {\url{https://peering.google.com/#/learn-more/quic}},
}

@misc{what_is_a_tls_handshake,
    author = {{Cloudflare}},
    title  = {"{What is a TLS Handshake?}"},
    note   = {\url{https://www.cloudflare.com/learning/ssl/what-happens-in-a-tls-handshake/}},
}

@misc{what_is_http,
    author = {{Cloudflare}},
    title  = {"{What is HTTP?}"},
    note   = {\url{https://www.cloudflare.com/en-ca/learning/ddos/glossary/hypertext-transfer-protocol-http/}},
}

@misc{comparison_of_http_versions,
    author = {{Gen Murasaki}},
    title  = {"{HTTP Version Comparison}"},
    note   = {\url{https://blog.caoyu.info/http-version.html}},
}

@article{tcp_timer_dont_work_well,
    author = {Zhang, L},
    title = {Why TCP Timers Don't Work Well},
    year = {1986},
    issue_date = {Aug. 5, 1986},
    publisher = {Association for Computing Machinery},
    address = {New York, NY, USA},
    volume = {16},
    number = {3},
    issn = {0146-4833},
    url = {https://doi.org/10.1145/1013812.18216},
    doi = {10.1145/1013812.18216},
    journal = {SIGCOMM Comput. Commun. Rev.},
    month = {aug},
    pages = {397–405},
    numpages = {9}
}

@inproceedings{quic_protocol,
    title	= {The QUIC Transport Protocol: Design and Internet-Scale Deployment},
    author	= {Adam Langley and Al Riddoch and Alyssa Wilk and Antonio Vicente and Charles 'Buck' Krasic and Cherie Shi and Dan Zhang and Fan Yang and Feodor Kouranov and Ian Swett and Janardhan Iyengar and Jeff Bailey and Jeremy Christopher Dorfman and Jim Roskind and Joanna Kulik and Patrik Göran Westin and Raman Tenneti and Robbie Shade and Ryan Hamilton and Victor Vasiliev and Wan-Teh Chang},
    year	= {2017}
}

@book{distributed_systems_principles,
    author = {Tanenbaum, Andrew S. and Steen, Maarten van},
    title = {Distributed Systems: Principles and Paradigms (2nd Edition)},
    year = {2006},
    isbn = {0132392275},
    publisher = {Prentice-Hall, Inc.},
    address = {USA}
}

@book{os_distributed_systems,
    author = {Arpaci-Dusseau, Remzi H. and Arpaci-Dusseau, Andrea C.},
    title = {Operating Systems: Three Easy Pieces},
    year = {2018},
    isbn = {198508659X},
    publisher = {CreateSpace Independent Publishing Platform},
    address = {North Charleston, SC, USA},
}

@misc{what_is_cloud,
    author = {{AT\&T}},
    title  = {"{What Is The Cloud}"},
    note   = {\url{https://youtu.be/_a7hK6kWttE}},
}

@misc{kubernetes,
    author = {{The Kubernetes Authors}},
    title  = {"{Jobs}"},
    note   = {\url{https://kubernetes.io/docs/concepts/workloads/controllers/job/}},
}

@misc{cncf_k8s_report,
    author = {{Cloud Native Computing Foundation}},
    title  = {"{CNCF Kubernetes Project Journey Report}"},
    note   = {\url{https://www.cncf.io/wp-content/uploads/2020/08/CNCF_Kubernetes_Project_Journey_Report.pdf}},
}

@techreport{http3_draft34,
	number =	{draft-ietf-quic-http-34},
	type =		{Internet-Draft},
	institution =	{Internet Engineering Task Force},
	publisher =	{Internet Engineering Task Force},
	note =		{Work in Progress},
	url =		{https://datatracker.ietf.org/doc/html/draft-ietf-quic-http-34},
    author =	{Mike Bishop},
	title =		{{Hypertext Transfer Protocol Version 3 (HTTP/3)}},
	pagetotal =	75,
	year =		2021,
	month =		feb,
	day =		2,
}

@misc{rfc768,
    author = {J. Postel},
    title  = {"{User Datagram Protocol}"},
    year   = 1980,
    month  = aug,
    doi    = {10.17487/RFC0768},
    note   = {\url{https://rfc-editor.org/rfc/rfc768.txt}},
}

@misc{rfc793,
    author = {J. Postel},
    title  = {"{Transmission Control Protocol}"},
    year   = 1981,
    month  = sep,
    doi    = {10.17487/RFC0793},
    note   = {\url{https://rfc-editor.org/rfc/rfc793.txt}},
}

@misc{rfc5246,
    author = {T. Dierks},
    title  = {"{The Transport Layer Security (TLS) Protocol Version 1.2}"},
    year   = 2008,
    month  = aug,
    doi    = {10.17487/RFC5246},
    note   = {\url{https://rfc-editor.org/rfc/rfc5246.txt}},
}

@misc{rfc1945,
    author = {T. Berners-Lee},
    title  = {"{Hypertext Transfer Protocol -- HTTP/1.0}"},
    year   = 1996,
    month  = may,
    doi    = {10.17487/RFC1945},
    note   = {\url{https://rfc-editor.org/rfc/rfc1945.txt}},
}

@misc{rfc2616,
    author = {R. Fielding},
    title  = {"{Hypertext Transfer Protocol -- HTTP/1.1}"},
    year   = 1999,
    month  = jun,
    doi    = {10.17487/RFC2616},
    note   = {\url{https://rfc-editor.org/rfc/rfc2616.txt}},
}

@misc{rfc7540,
    author = {M. Belshe},
    title  = {"{Hypertext Transfer Protocol Version 2 (HTTP/2)}"},
    year   = 2015,
    month  = may,
    doi    = {10.17487/RFC7540},
    note   = {\url{https://rfc-editor.org/rfc/rfc7540.txt}},
}

@misc{rfc2818,
    author = {E. Rescorla},
    title  = {"{HTTP Over TLS}"},
    year   = 2000,
    month  = may,
    doi    = {10.17487/RFC2818},
    note   = {\url{https://rfc-editor.org/rfc/rfc2818.txt}},
}

@misc{rfc9000,
    author = {J. Iyengar},
    title  = {"{QUIC: A UDP-Based Multiplexed and Secure Transport}"},
    year   = 2021,
    month  = may,
    doi    = {10.17487/RFC9000},
    note   = {\url{https://rfc-editor.org/rfc/rfc9000.txt}},
}

@misc{rfc3234,
    author = {B. Carpenter},
    title  = {"{Middleboxes: Taxonomy and Issues}"},
    year   = 2002,
    month  = feb,
    doi    = {10.17487/RFC3234},
    note   = {\url{https://rfc-editor.org/rfc/rfc3234.txt}},
}

@misc{rfc7413,
    author = {Y. Cheng},
    title  = {"{TCP Fast Open}"},
    year   = 2014,
    month  = dec,
    doi    = {10.17487/RFC7413},
    note   = {\url{https://rfc-editor.org/rfc/rfc7413.txt}},
}

@misc{rfc2988,
    author = {V. Paxson},
    title  = {"{Computing TCP's Retransmission Timer}"},
    year   = 2000,
    month  = nov,
    doi    = {10.17487/RFC2988},
    note   = {\url{https://rfc-editor.org/rfc/rfc2988.txt}},
}

@misc{rfc4291,
    author = {R. Hinden},
    title  = {"{IP Version 6 Addressing Architecture}"},
    year   = 2006,
    month  = feb,
    doi    = {10.17487/RFC4291},
    note   = {\url{https://rfc-editor.org/rfc/rfc4291.txt}},
}

@misc{udp_buffer_size_warning,
    author = {{The quic-go Authors}},
    title  = {"{UDP-Receive-Buffer-Size}"},
    note   = {\url{https://github.com/lucas-clemente/quic-go/wiki/UDP-Receive-Buffer-Size}},
}

@misc{m6i_xlarge_aws_ec2,
    author = {{Amazon Web Services}},
    title  = {"{Amazon EC2 M6i Instances}"},
    note   = {\url{https://aws.amazon.com/ec2/instance-types/m6i/}},
}

@misc{linux_tuning,
    author = {{Data Expedition}},
    title  = {"{Linux Performance Tuning}"},
    note   = {\url{https://www.dataexpedition.com/support/notes/tn0035.html}},
}
